<record><leader>00000cas a22000007a 4500</leader><controlfield tag="001">13178514</controlfield><controlfield tag="008">860220d18831907hiuuu ne      0    0chi d</controlfield><datafield ind1=" " ind2=" " tag="010"><subfield code="a">sn 85047219 </subfield></datafield><datafield ind1=" " ind2=" " tag="040"><subfield code="a">HWN</subfield><subfield code="b">eng</subfield><subfield code="c">HWN</subfield><subfield code="d">DLC</subfield><subfield code="d">OCLCQ</subfield><subfield code="d">OCLCF</subfield><subfield code="d">OCLCO</subfield><subfield code="d">OCL</subfield></datafield><datafield ind1=" " ind2=" " tag="042"><subfield code="a">msc</subfield></datafield><datafield ind1=" " ind2=" " tag="043"><subfield code="a">n-us-hi</subfield></datafield><datafield ind1="0" ind2="0" tag="245"><subfield code="a">Tan shan xin bao.</subfield></datafield><datafield ind1="1" ind2="3" tag="246"><subfield code="a">Tan shan Long Ji xin bao</subfield></datafield><datafield ind1="1" ind2="3" tag="246"><subfield code="a">Hawaiian Chinese news</subfield></datafield><datafield ind1=" " ind2=" " tag="260"><subfield code="a">Honolulu, H.I. :</subfield><subfield code="b">Hawaiian Chinese News Co.</subfield></datafield><datafield ind1=" " ind2=" " tag="300"><subfield code="a">v. ;</subfield><subfield code="c">58 cm.</subfield></datafield><datafield ind1="1" ind2=" " tag="362"><subfield code="a">Began with Mar. 16, 1883 issue.</subfield><subfield code="z">Cf. Feb. 10, 1903 issue.</subfield></datafield><datafield ind1="1" ind2=" " tag="362"><subfield code="a">Ceased in 1907.</subfield><subfield code="z">Cf. Hua qiao bao ye shi / Aiqun Feng. 1967.</subfield></datafield><datafield ind1=" " ind2=" " tag="546"><subfield code="a">In Chinese (Cantonese).</subfield></datafield><datafield ind1=" " ind2=" " tag="580"><subfield code="a">Continues: Long Ji bao (non-extant); continued by: Min sheng ri bao (non-extant). Cf. Chinese newspapers publ. in North America, 1854-1975.</subfield></datafield><datafield ind1=" " ind2=" " tag="588"><subfield code="a">Description based on: Ti 296 hao chi (Apr. 13, 1889).</subfield></datafield><datafield ind1=" " ind2="0" tag="651"><subfield code="a">Hawaii</subfield><subfield code="v">Newspapers.</subfield></datafield><datafield ind1=" " ind2="0" tag="650"><subfield code="a">Chinese newspapers</subfield><subfield code="z">Hawaii.</subfield></datafield><datafield ind1=" " ind2="7" tag="650"><subfield code="a">Chinese newspapers.</subfield><subfield code="2">fast</subfield><subfield code="0">(OCoLC)fst00857651</subfield></datafield><datafield ind1=" " ind2="7" tag="651"><subfield code="a">Hawaii.</subfield><subfield code="2">fast</subfield><subfield code="0">(OCoLC)fst01208724</subfield></datafield><datafield ind1=" " ind2="7" tag="655"><subfield code="a">Newspapers.</subfield><subfield code="2">fast</subfield><subfield code="0">(OCoLC)fst01423814</subfield></datafield><datafield ind1=" " ind2=" " tag="752"><subfield code="a">United States</subfield><subfield code="b">Hawaii</subfield><subfield code="c">Honolulu</subfield><subfield code="d">Honolulu.</subfield></datafield><datafield ind1="1" ind2="0" tag="780"><subfield code="t">Long Ji bao</subfield></datafield><datafield ind1="1" ind2="0" tag="780"><subfield code="t">Min sheng ri bao</subfield></datafield><datafield ind1="1" ind2=" " tag="029"><subfield code="a">AU@</subfield><subfield code="b">000015612695</subfield></datafield></record>